Month,Total_Sales
2009-12,686654.16
2010-01,557319.062
2010-02,506371.066
2010-03,699608.991
2010-04,594609.192
2010-05,599985.79
2010-06,639066.58
2010-07,591636.74
2010-08,604242.65
2010-09,831615.001
2010-10,1036680.0
2010-11,1172336.042
2010-12,884591.89
2011-01,569445.04
2011-02,447137.35
2011-03,595500.76
2011-04,469200.36100000003
2011-05,678594.56
2011-06,661213.6900000001
2011-07,600091.011
2011-08,645343.9
2011-09,952838.382
2011-10,1039318.79
2011-11,1161817.3800000001
2011-12,518210.79000000004
